<?xml version="1.0" encoding="UTF-8"?><collection xmlns="http://www.loc.gov/MARC21/slim"><record><leader>00411nam--2200145-i-4500</leader><controlfield tag="001">000003354</controlfield><controlfield tag="002">20161230</controlfield><controlfield tag="005">20170225105917</controlfield><controlfield tag="008">060222s1000------------r-----000-0-eng-d</controlfield><datafield ind1=" " ind2=" " tag="245"><subfield code="a">Curs de matematici. partea II-a (planimetria) pentru sc.medie</subfield></datafield><datafield ind1=" " ind2=" " tag="260"><subfield code="a">Bucuresti</subfield><subfield code="b">Ed.Tehnica</subfield><subfield code="c">1952</subfield></datafield><datafield ind1=" " ind2=" " tag="300"><subfield code="a">211 p.+ Erata</subfield></datafield><datafield ind1=" " ind2=" " tag="490"><subfield code="a">Ministerul Energiei Electrice</subfield></datafield><datafield ind1=" " ind2=" " tag="852"><subfield code="a">51(075.3)</subfield></datafield><datafield ind1=" " ind2=" " tag="CAT"><subfield code="a">SYS</subfield><subfield code="c">20170225</subfield><subfield code="h">105917</subfield></datafield></record></collection>